@book{2016,
  doi = {10.1007/978-3-658-15617-6},
  url = {https://doi.org/10.1007/978-3-658-15617-6},
  year = {2016},
  publisher = {Springer Fachmedien Wiesbaden},
  editor = {Andreas Meier and Edy Portmann},
  title = {Smart City}
}
@misc{dhbwCooperativeState,
	author = {},
	title = {{C}ooperative {S}tate {U}niversity {H}eidenheim | {D}{H}{B}{W} {H}eidenheim --- heidenheim.dhbw.de},
	howpublished = {\url{https://www.heidenheim.dhbw.de/en/home}},
	year = {2023},
    urldate = {2023-03-06}
}
@misc{heidenheimZahlenDaten,
	author = {Leonie Krehl},
	title = {{Z}ahlen, {D}aten, {F}akten --- heidenheim.de},
	howpublished = {\url{https://www.heidenheim.de/leben/stadtportrait/zahlen-daten-fakten}},
	year = {2023},
	urldate = {2023-03-06}
}
@book{dbh.79817158820140101,
    Author = {Rupp, Chris},
    ISBN = {9783446443136},
    Publisher = {Carl Hanser Verlag GmbH \& Co. KG},
    Series = {Hanser eLibrary},
    Title = {Requirements-Engineering und -Management : Aus der Praxis von klassisch bis agil \/ Chris Rupp, die SOPHISTen.},
    Year = {2014},
}
@misc{backgroundSubtraction,
    author = {Domenico Daniele Blois},
    Title = {OpenCV: How to use Background Subtraction Models},
    howpublished = {\url{https://docs.opencv.org/4.x/d1/dc5/tutorial_background_subtraction.html}},
    urldate = {2023-03-17},
    Year = {2023}
}

@misc{eclipseMosquitto,
    author = {Eclipse Foundation},
    Title = {Eclipse Mosquitto},
    howpublished = {\url{https://mosquitto.org/}},
    urldate = {2023-03-17},
    Year = {2023}
}

@misc{mariaDB,
    author = {MariaDB Foundation},
    Title = {MariaDB Foundation - MariaDB.org},
    howpublished = {\url{https://mariadb.org/}},
    urldate = {2023-03-17},
    Year = {2023}
}

@misc{mysql,
    author = {Oracle},
    Title = {MySQL},
    howpublished = {\url{https://www.mysql.com/de/}},
    urldate = {2023-03-17},
    Year = {2023}
}

@misc{nestJS,
    author = {NestJS},
    Title = {NestJS - A progressive Node.js framework},
    howpublished = {\url{https://nestjs.com/}},
    urldate = {2023-03-17},
    Year = {2023}
}

@misc{openAlpr,
    author = {OpenAlpr},
    Title = {openalpr/openalpr: Automatic License Plate Recognition library},
    howpublished = {\url{https://github.com/openalpr/openalpr}},
    urldate = {2023-03-17},
    Year = {2023}
}

@misc{openCv,
    author = {OpenCV team},
    Title = {Home - OpenCV},
    howpublished = {\url{https://opencv.org/}},
    urldate = {2023-03-17},
    Year = {2023}
}

@misc{openCvJavaBinding,
    author = {Bytedeco},
    Title = {javacpp-presets/opencv},
    howpublished = {\url{https://github.com/bytedeco/javacpp-presets/tree/master/opencv}},
    urldate = {2023-03-17},
    Year = {2023}
}

@misc{nginx,
    author = {nginx},
    Title = {nginx},
    howpublished = {\url{https://nginx.org/en/}},
    urldate = {2023-03-17},
    Year = {2023}
}

@misc{arduinoMega,
    author = {Arduino},
    Title = {Mega 2560 Rev3 | Arduino},
    howpublished = {\url{https://docs.arduino.cc/hardware/mega-2560}},
    urldate = {2023-03-17},
    Year = {2023}
}

@misc{raspberryPi400,
    author = {Raspberry},
    Title = {Raspberry Pi 400 Personal Computer Kit specifications - Raspberry Pi},
    howpublished = {\url{https://www.raspberrypi.com/products/raspberry-pi-400/specifications/}},
    urldate = {2023-03-17},
    Year = {2023}
}
